
@article{newton_converting_2014,
	title = {Converting Data to Task-Parallelism by Rewrites},
	url = {http://www.cse.unsw.edu.au/~tmcdonell/papers/acc-multidev-icfp2014-sub.pdf},
	author = {Newton, Ryan R. and Holk, Eric and {McDonell}, Trevor L.},
	urldate = {2015-02-08},
	date = {2014},
	file = {acc-multidev-icfp2014-sub.pdf:/home/eap/.zotero/zotero/vqt7g1z9.default/zotero/storage/ZIKVRH8F/acc-multidev-icfp2014-sub.pdf:application/pdf}
}

@inproceedings{lee_debunking_2010,
	title = {Debunking the 100X {GPU} vs. {CPU} myth: an evaluation of throughput computing on {CPU} and {GPU}},
	volume = {38},
	url = {http://dl.acm.org/citation.cfm?id=1816021},
	shorttitle = {Debunking the 100X {GPU} vs. {CPU} myth},
	pages = {451--460},
	booktitle = {{ACM} {SIGARCH} Computer Architecture News},
	publisher = {{ACM}},
	author = {Lee, Victor W. and Kim, Changkyu and Chhugani, Jatin and Deisher, Michael and Kim, Daehyun and Nguyen, Anthony D. and Satish, Nadathur and Smelyanskiy, Mikhail and Chennupaty, Srinivas and Hammarlund, Per and {others}},
	urldate = {2015-02-11},
	date = {2010},
	file = {youwerewrongaboutgpus.pdf:/home/eap/.zotero/zotero/vqt7g1z9.default/zotero/storage/PI4IGW69/youwerewrongaboutgpus.pdf:application/pdf}
}

@thesis{mcdonell_optimising_2014,
	title = {Optimising Purely Functional {GPU} Programs},
	institution = {University of New South Wales},
	type = {phdthesis},
	author = {{McDonell}, Trevor},
	date = {2014-07-29}
}

@inproceedings{mcdonell_optimising_2013,
	title = {Optimising purely functional {GPU} programs},
	isbn = {9781450323260},
	url = {http://dl.acm.org/citation.cfm?doid=2500365.2500595},
	doi = {10.1145/2500365.2500595},
	pages = {49},
	publisher = {{ACM} Press},
	author = {{McDonell}, Trevor L. and Chakravarty, Manuel M.T. and Keller, Gabriele and Lippmeier, Ben},
	urldate = {2015-02-08},
	date = {2013},
	langid = {english},
	file = {acc-optim.pdf:/home/eap/.zotero/zotero/vqt7g1z9.default/zotero/storage/CF5E6U6E/acc-optim.pdf:application/pdf}
}

@inproceedings{lee_transparent_2013,
	title = {Transparent {CPU}-{GPU} collaboration for data-parallel kernels on heterogeneous systems},
	url = {http://dl.acm.org/citation.cfm?id=2523756},
	pages = {245--256},
	booktitle = {Proceedings of the 22nd international conference on Parallel architectures and compilation techniques},
	publisher = {{IEEE} Press},
	author = {Lee, Janghaeng and Samadi, Mehrzad and Park, Yongjun and Mahlke, Scott},
	urldate = {2015-02-08},
	date = {2013},
	file = {lee-pact13.pdf:/home/eap/.zotero/zotero/vqt7g1z9.default/zotero/storage/4ASJN7IU/lee-pact13.pdf:application/pdf}
}

@inproceedings{gregg_where_2011,
	title = {Where is the data? Why you cannot debate {CPU} vs. {GPU} performance without the answer},
	url = {http://ieeexplore.ieee.org/xpls/abs_all.jsp?arnumber=5762730},
	shorttitle = {Where is the data?},
	pages = {134--144},
	booktitle = {Performance Analysis of Systems and Software ({ISPASS}), 2011 {IEEE} International Symposium on},
	publisher = {{IEEE}},
	author = {Gregg, Chris and Hazelwood, Kim},
	urldate = {2015-02-11},
	date = {2011},
	file = {whereisthedata.pdf:/home/eap/.zotero/zotero/vqt7g1z9.default/zotero/storage/QUVX3USG/whereisthedata.pdf:application/pdf}
}