
@online{gtx-780-spec,
  author = {NVIDIA},
  title = {{GeForce GTX 780-TI} Specifications},
  year = 2015,
  url = {http://www.geforce.com/hardware/desktop-gpus/geforce-gtx-780-ti/specifications},
  urldate = {2015-02-11}
}

@online{pcie-3-faq,
  author = {PCI-SIG},
  title = {{PCI Express} 3.0 Frequently Asked Questions},
  year = 2015,
  url = {https://www.pcisig.com/news_room/faqs/pcie3.0_faq},
  urldate = {2015-02-11}
}
